@misc{nginxlb,
    title = {What is Load Balancing?},
    howpublished = {Режим доступа: \url{https://www.nginx.com/resources/glossary/load-balancing}},
    note = {(Дата обращения: 05.10.2023)},
}
