

@misc{balance,
	title="Что такое балансировка нагрузки? [Электронный ресурс]",
	howpublished="Режим доступа: \url{https://aws.amazon.com/ru/what-is/load-balancing/} (дата обращения: 05.10.2023)"
}


@misc{resourcepool,
	title="Рекомендации по проектированию пула ресурсов [Электронный ресурс]",
	howpublished="Режим доступа: \url{https://learn.microsoft.com/ru-ru/system-center/scom/plan-resource-pool-design?view=sc-om-2019} (дата обращения: 05.10.2023)"
}


@misc{leastconnection,
	title="Analisis Algoritma Round Robin, Least Connection, Dan Ratio Pada Load Balancing Menggunakan Opnet Modeler  [Электронный ресурс]",
	howpublished="Режим доступа: \url{https://www.neliti.com/publications/67705/analisis-algoritma-round-robin-least-connection-dan-ratio-pada-load-balancing-me} (дата обращения: 06.10.2023)"
}

@misc{leastconnectionpic,
	title="Load Balancing – Least Connections  [Электронный ресурс]",
	howpublished="Режим доступа: \url{https://linuxthrill.blogspot.com/2016/05/load-balancing-least-connections.html} (дата обращения: 06.10.2023)"
}

@misc{mainsource,
	title="An Improved Weighted Least Connection Scheduling Algorithm for Load Balancing in Web Cluster Systems [Электронный ресурс]",
	howpublished="Режим доступа: \url{https://www.irjet.net/archives/V5/i3/IRJET-V5I3455.pdf/} (дата обращения: 06.10.2023)"
}

@misc{mainsource,
	title="An Improved Weighted Least Connection Scheduling Algorithm for Load Balancing in Web Cluster Systems [Электронный ресурс]",
	howpublished="Режим доступа: \url{https://www.irjet.net/archives/V5/i3/IRJET-V5I3455.pdf/} (дата обращения: 06.10.2023)"
}
s
@misc{weightedroundrobin,
	title="Алгоритм распределения нагрузки в программной системе, построенной на основе протокола HDP [Электронный ресурс]",
	howpublished="Режим доступа: \url{https://cyberleninka.ru/article/n/algoritm-raspredeleniya-nagruzki-v-programmnoy-sisteme-postroennoy-na-osnove-protokola-hdp} (дата обращения: 06.10.2023)"
}

@misc{leastconns,
	title="Evaluation Test and Improvement of Load
	Balancing Algorithms of Nginx [Электронный ресурс]",
	howpublished="Режим доступа: \url{
	https://ieeexplore.ieee.org/stamp/stamp.jsp?tp=&arnumber=9693940
	} (дата обращения: 06.10.2023)"
}


@misc{anal,
	title="РУКОВОДСТВО ПО ДИНАМИЧЕСКОЙ БАЛАНСИРОВКЕ НАГРУЗКИ В РАСПРЕДЕЛЕННЫХ КОМПЬЮТЕРНЫХ СИСТЕМАХ
	 [Электронный ресурс]",
	howpublished="Режим доступа: \url{
	https://cyberleninka.ru/article/n/rukovodstvo-po-dinamicheskoy-balansirovke-nagruzki-v-raspredelennyh-kompyuternyh-sistemah?ysclid=lqwjcuy2ch543400454
	} (дата обращения: 06.10.2023)"
}


@misc{leasttime,
	title="Analisis Load Balancing Pada Web Server Menggunakan Algoritme Weighted Least Connection  [Электронный ресурс]",
	howpublished="Режим доступа: \url{
	https://123dok.com/document/zp7mgxvz-analisis-load-balancing-server-menggunakan-algoritme-weighted-connection.html} (дата обращения: 06.10.2023)"
}


@misc{uzel,
	title="СРАВНИТЕЛЬНЫЙ АНАЛИЗ АЛГОРИТМОВ БАЛАНСИРОВКИ НАГРУЗКИ В СРЕДЕ ОБЛАЧНЫХ ВЫЧИСЛЕНИЙ  [Электронный ресурс]",
	howpublished="Режим доступа: \url{
	https://cyberleninka.ru/article/n/sravnitelnyy-analiz-algoritmov-balansirovki-nagruzki-v-srede-oblachnyh-vychisleniy} (дата обращения: 07.10.2023)"
}


@misc{1,
	title="Сетевая эквилибристика: как развивались системы балансировки трафика",
	howpublished="Режим доступа: \url{https://mcs.mail.ru/blog/load-balancer-istoriya-razvitiya}"
}


@misc{2,
	title="---",
	howpublished="Режим доступа: \url{https://habr.com/ru/articles/657677/}"
}

@misc{3,
	title="---",
	howpublished="Режим доступа: \url{https://habr.com/ru/companies/vk/articles/347026/
	}"
}


@misc{webmanage,
	title="Управление трафиком в сети с высокой динамикой метрик сетевых маршрутов",
	howpublished="Режим доступа: \url{
	https://cyberleninka.ru/article/n/upravlenie-trafikom-v-seti-s-vysokoy-dinamikoy-metrik-setevyh-marshrutov?ysclid=lqwlxbfbif183638987}"
}



@misc{4,
	title="A Guide to Dynamic Load Balancing in Distributed Computer Systems",
	howpublished="\url{https://www.researchgate.net/publication/268200851_A_Guide_to_Dynamic_Load_Balancing_in_Distributed_Computer_Systems
	}"
}

@misc{5,
	title="Балансировка нагрузки в информационных системах",
	howpublished="Режим доступа: \url{https://www.xelent.ru/blog/balansirovka-nagruzki-v-informatsionnykh-sistemakh/?ysclid=lolymnbt7u202803392}"
}

@misc{6,
	title="Статическая и динамическая балансировка: объяснение и применение",
	howpublished="\url{https://helpdoma.ru/faq/staticeskaya-i-dinamiceskaya-balansirovka-obyasnenie-i-primenenie?ysclid=lolze4rsx757530210}"
}

@inbook{
	mashtab,
	author="Макаров Д. А.",
	title="МАСШТАБИРОВАНИЕ ВЕБ-ПРИЛОЖЕНИЙ",
	publisher="Теория и практика современной науки",
	language="russian",
	year=2021
}

@misc{mashtabtypes1,
	title="Алгоритм распределения нагрузки в программной системе, построенной на основе протокола HDP",
	howpublished="\url{https://cyberleninka.ru/article/n/algoritm-raspredeleniya-nagruzki-v-programmnoy-sisteme-postroennoy-na-osnove-protokola-hdp}"
}

@inbook{
	mashtabtypes2,
	author="Гусев А. О. Костылева В. В.",
	title="Сравнение алгоитмов балансировки нагрузки",
	publisher="Инновационное развитие техники и технологий промышленности",
	language="russian",
	year=2020
}

