@article{sdnlb,
    author = {Данешманд, Б. and Ту, Л. А.},
    title = {ИССЛЕДОВАНИЕ И ОБЗОР МЕХАНИЗМОВ БАЛАНСИРОВКИ НАГРУЗКИ НА ОСНОВЕ SDN В 5G/IMT-2020},
	number = {1},
	volume = {18},
	journal = {Вестник Воронежского государственного технического университета},
	year = {2022}
}

@misc{pwr2choices,
    title = {The Power of Two Random Choices: A Survey of Techniques and Results},
    howpublished = {Режим доступа: \url{https://www.eecs.harvard.edu/~michaelm/postscripts/handbook2001.pdf} (дата обращения: 07.10.2023)}
}

@misc{whatislb,
    title = {What Is Load Balancing?},
    howpublished = {Режим доступа: \url{https://aws.amazon.com/what-is/load-balancing/} (дата обращения: 07.10.2023)}
}



