
@article{part_algos,
	author = {Павликов, Максим Константинович},
	title = {Алгоритм распределения нагрузки в программной системе, построенной на основе протокола HDP},
	journal = {Вестн. Том. гос. ун-та. Управление, вычислительная техника и информатика},
	year = {2017},
	number = {40},
}


@article{drr,
	author = {Симаков, Д. В.},
	title = {Управление трафиком в сети с высокой динамикой метрик сетевых маршрутов},
	journal = {Вестник евразийской науки},
	year = {2016},
	number = {1},
}

@article{webact,
	author = {Onay Dogan, Betul and Camdereli, Mete},
	year = {2015},
	pages = {61-77},
	title = {Digital Communication Activities of Corporations in the Context of Corporate Communication and Governance},
	journal = {Online Journal of Communication and Media Technologies}
}

@misc{ss,
	title="Elasticity in Cloud Computing: State of the Art and Research Challenges",
	howpublished="Режим доступа: \url{https://ieeexplore.ieee.org/abstract/document/7937885} (дата обращения: 05.10.2023)."
}

@misc{statistics,
	title="Digital 2023: Global Overview Report",
	howpublished="Режим доступа: \url{https://datareportal.com/reports/digital-2023-global-overview-report} (дата обращения: 07.11.2023)."
}

@misc{hash,
	title="Хеш-таблица",
	howpublished="Режим доступа: \url{https://neerc.ifmo.ru/wiki/} (дата обращения: 07.11.2023)."
}

@article{strategies,
	author = {Бершадский ,А. М. and Курилов ,Л. С. and Финогеев, А. Г.},
	title = {Исследование стратегий балансировки нагрузки в системах распределенной обработки данных},
	journal = {Известия вузов. Поволжский регион. Технические науки},
	year = {2009},
	number = {4},
}


@article{gaud,
	author = {Бершадский, А. М. and Курилов, Л. С. and Финогеев, А. Г.},
	title = {Разработка системы балансировки нагрузки},
	journal = {Гаудеамус},
	year = {2012},
	number = {20},
}

@article{comp,
	author = {Гусев, А. О. and Костылева, В. В. and Разин, И. Б. },
	title = {Сравнение алгоритмов балансировки нагрузки},
	journal = {Инновационное развитие техники и технологий в промышленности (ИНТЕКС-2020)},
	year = {2020},
	number = {1},
}


@article{com_analysis,
	author = {Шуляк, А.В.},
	title = {Сравнительный анализ алгоритмов балансировки нагрузки в среде облачных вычислений},
	journal = {Научный журнал},
	year = {2021},
	number = {6},
}

@article{rate_comp,
	author = {Кхаинг, Мин Тху and Лупин, С.А.},
	title = {Сравнительный анализ методов оценки производительности узлов в распределнных системах},
	journal = {International Journal of Open Information Technologies},
	year = {2023},
	number = {6},
}

@article{dll_warsh,
	author = {Mohammad Haroon},
	title = {Dynamic Load balancing by Round Robin and Warshall Algorithm in Cloud Computing},
	journal = {International Journal of Innovative Technology and Exploring Engineering},
	year = {2021},
	number = {62},
}

@article{scaling,
	author = {Макаров, Д. А. and Шибанова, А. Д.},
	title = {Масштабирование веб-приложений},
	journal = {Теория и практика современной науки},
	year = {2021},
	number = {1},
}

@article{anal,
	author = {Асадова Шабнам, Рахман К. },
	title = {Руководство по динамической балансировке нагрузки в распределенных компьютерных системах},
	journal = {ELS},
	year = {2023}
}

@article{mainsource,
	author = {Gurasis, Singh and Kamalpreet, Kaur},
	title = {An Improved Weighted Least Connection Scheduling Algorithm for Load Balancing in Web Cluster Systems},
	journal = {IRJET},
	year = {2018},
	number = {5}
}

@article{leastconnection,
	author = {Husain, Nasser and Timotius, Witono},
	title = {Analisis Algoritma Round Robin, Least Connection, Dan Ratio Pada Load Balancing Menggunakan Opnet Modeler},
	number = {1},
	volume = {12},
	journal = {Informatika: Jurnal Teknologi Komputer dan Informatika},
	year = {2016}
}