@misc{nginxlb,
    author = {What is Load Balancing?},
    howpublished = {--- Режим доступа: \url{https://www.nginx.com/resources/glossary/load-balancing}},
    note = {(Дата обращения: 05.10.2023)},
}
@misc{sdn5g,
    author = {ИССЛЕДОВАНИЕ И ОБЗОР МЕХАНИЗМОВ БАЛАНСИРОВКИ НАГРУЗКИ НА ОСНОВЕ SDN В 5G/IMT-2020},
    howpublished = {--- Режим доступа: \url{https://cyberleninka.ru/article/n/issledovanie-i-obzor-mehanizmov-balansirovki-nagruzki-na-osnove-sdn-v-5g-imt-2020}},
    note = {(Дата обращения: 07.10.2023)},
}
@misc{lbiccar,
    author = {Load Balancing In Cloud Computing: A Review},
    howpublished = {--- Режим доступа: \url{https://www.iosrjournals.org/iosr-jce/papers/Vol15-issue2/C01522229.pdf}},
    note = {(Дата обращения: 07.10.2023)},
}
@misc{wwwc,
    author = {World Wide Web Caching: Trends and Techniques},
    howpublished = {--- Режим доступа: \url{https://citeseerx.ist.psu.edu/document?repid=rep1&type=pdf&doi=3104c7c7b7cf44ad4d4e542684de2ec070aa0ba8}},
    note = {(Дата обращения: 07.10.2023)},
}
