

@misc{part_algos,
	title="АЛГОРИТМ РАСПРЕДЕЛЕНИЯ НАГРУЗКИ В ПРОГРАММНОЙ СИСТЕМЕ,
	ПОСТРОЕННОЙ НА ОСНОВЕ ПРОТОКОЛА HDP",
	howpublished="Режим доступа: \url{https://cyberleninka.ru/article/n/algoritm-raspredeleniya-nagruzki-v-programmnoy-sisteme-postroennoy-na-osnove-protokola-hdp} (дата обращения: 05.10.2023)."
}


@article{drr,
	author = {Симаков Д. В.},
	title = {Управление трафиком в сети с высокой динамикой метрик сетевых маршрутов},
	journal = {Вестник евразийской науки},
	year = {2016},
	number = {1},
}

@article{webact,
	author = {Onay Dogan, Betul and Camdereli, Mete},
	year = {2015},
	month = {04},
	pages = {61-77},
	title = {Digital Communication Activities of Corporations in the Context of Corporate Communication and Governance},
	journal = {Online Journal of Communication and Media Technologies}
}

@misc{ss,
	title="Elasticity in Cloud Computing: State of the Art and Research Challenges",
	howpublished="Режим доступа: \url{https://ieeexplore.ieee.org/abstract/document/7937885} (дата обращения: 05.10.2023)."
}

@misc{statistics,
	title="Digital 2023: Global Overview Report",
	howpublished="Режим доступа: \url{https://datareportal.com/reports/digital-2023-global-overview-report} (дата обращения: 07.11.2023)."
}

@misc{hash,
	title="Хеш-таблица",
	howpublished="Режим доступа: \url{https://neerc.ifmo.ru/wiki/} (дата обращения: 07.11.2023)."
}

@article{strategies,
	author = {Бершадский А. М., Курилов Л. С., Финогеев А. Г.},
	title = {Исследование стратегий балансировки нагрузки в системах распределенной обработки данных},
	journal = {Известия вузов. Поволжский регион. Технические науки},
	year = {2009},
	number = {4},
}


@article{gaud,
	author = {Бершадский А. М., Курилов Л. С., Финогеев А. Г.},
	title = {Разработка системы балансировки нагрузки},
	journal = {Гаудеамус},
	year = {2012},
	number = {20},
}

@article{comp,
	author = {А. О. Гусев, В. В. Костылева, И. Б. Разин},
	title = {Сравнение алгоритмов балансировки нагрузки},
	journal = {Инновационное развитие техники и технологий в промышленности (ИНТЕКС-2020)},
	year = {2020},
	number = {1},
}


@article{com_analysis,
	author = {Шуляк А.В.},
	title = {СРАВНИТЕЛЬНЫЙ АНАЛИЗ АЛГОРИТМОВ БАЛАНСИРОВКИ НАГРУЗКИ В СРЕДЕ ОБЛАЧНЫХ ВЫЧИСЛЕНИЙ},
	journal = {Научный журнал},
	year = {2021},
	number = {6},
}

@article{rate_comp,
	author = {Кхаинг Мин Тху, Лупин С.А.},
	title = {СРАВНИТЕЛЬНЫЙ АНАЛИЗ МЕТОДОВ ОЦЕНКИ ПРОИЗВОДИТЕЛЬНОСТИ УЗЛОВ В РАСПРЕДЕЛЕННЫХ СИСТЕМАХ},
	journal = {International Journal of Open Information Technologies},
	year = {2023},
	number = {6},
}

@article{dll_warsh,
	author = {Mohammad Haroon},
	title = {Dynamic Load balancing by Round Robin and Warshall Algorithm in Cloud Computing},
	journal = {International Journal of Innovative Technology and Exploring Engineering},
	year = {2021},
	number = {62},
}

@article{scaling,
	author = {Макаров Д.А., Шибанова А.Д.},
	title = {МАСШТАБИРОВАНИЕ ВЕБ-ПРИЛОЖЕНИЙ},
	journal = {Теория и практика современной науки},
	year = {2021},
	number = {1},
}
